<?xml version="1.0" encoding="UTF-8"?>
<record xmlns="http://www.loc.gov/MARC21/slim">
   <leader>01038cam a2200241 a 4500</leader>
   <controlfield tag="001">857284</controlfield>
   <controlfield tag="003">NjP</controlfield>
   <controlfield tag="005">20170613155159.0</controlfield>
   <controlfield tag="008">940104q18001899ua            000 0 ara d</controlfield>
   <datafield tag="024" ind1="7" ind2=" ">
      <subfield code="a">princeton_aco004836</subfield>
      <subfield code="2">local</subfield>
   </datafield>
   <datafield ind1=" " ind2=" " tag="035">
      <subfield code="a">(OCoLC)29685404</subfield>
   </datafield>
   <datafield ind1=" " ind2=" " tag="035">
      <subfield code="a">(CStRLIN)NJPG94-B381</subfield>
   </datafield>
   <datafield ind1=" " ind2=" " tag="035">
      <subfield code="9">CAX2570TS</subfield>
   </datafield>
   <datafield ind1=" " ind2=" " tag="040">
      <subfield code="a">NjP</subfield>
      <subfield code="c">NjP</subfield>
   </datafield>
   <datafield ind1="1" ind2=" " tag="100">
      <subfield code="a">Miṣrī, Mīkhāʾīl ʻAbd al-Sayyid.</subfield>
   </datafield>
   <datafield ind1="1" ind2="0" tag="245">
      <subfield code="a">Sulwān al-shajī fī al-radd ʻalá Ibrāhīm al-Yāzijī /</subfield>
      <subfield code="c">taʾlīf Mīkhāʾīl Afandī ʻAbd al-Sayyid al-Miṣrī.</subfield>
   </datafield>
   <datafield ind1=" " ind2=" " tag="260">
      <subfield code="a">[Cairo :</subfield>
      <subfield code="b">s.n.,</subfield>
      <subfield code="c">18--]</subfield>
   </datafield>
   <datafield ind1=" " ind2=" " tag="300">
      <subfield code="a">197 p. ;</subfield>
      <subfield code="c">24 cm.</subfield>
   </datafield>
   <datafield ind1=" " ind2=" " tag="500">
      <subfield code="a">Defense of Aḥmad Fāris al-Shidyāq against polemics of Ibrāhīm al-Yāzijī.</subfield>
   </datafield>
   <datafield ind1="1" ind2="0" tag="600">
      <subfield code="a">Shidyāq, Aḥmad Fāris,</subfield>
      <subfield code="d">1804?-1887.</subfield>
      <subfield code="0">http://id.loc.gov/authorities/names/n85830020</subfield>
   </datafield>
   <datafield ind1="1" ind2="0" tag="600">
      <subfield code="a">Yāzijī, Ibrāhīm,</subfield>
      <subfield code="d">1847-1906.</subfield>
      <subfield code="0">http://id.loc.gov/authorities/names/n82032121</subfield>
   </datafield>
   <datafield ind1="4" ind2=" " tag="856">
      <subfield code="u">http://hdl.handle.net/2027/njp.32101064066697</subfield>
   </datafield>
   <datafield ind1=" " ind2=" " tag="998">
      <subfield code="a">03/14/94</subfield>
      <subfield code="s">9114</subfield>
      <subfield code="n">NjP</subfield>
      <subfield code="w">NJPG94B381</subfield>
      <subfield code="d">01/04/94</subfield>
      <subfield code="c">KC</subfield>
      <subfield code="b">JAB</subfield>
      <subfield code="i">940314</subfield>
      <subfield code="l">NJPG</subfield>
   </datafield>
   <datafield ind1=" " ind2=" " tag="911">
      <subfield code="a">19940324</subfield>
   </datafield>
   <datafield ind1=" " ind2=" " tag="912">
      <subfield code="a">19940314000000.0</subfield>
   </datafield>
   <datafield ind1="8" ind2="0" tag="852">
      <subfield code="0">976891</subfield>
      <subfield code="b">rcppa</subfield>
      <subfield code="t">1</subfield>
      <subfield code="h">2274.87678.552 1800z</subfield>
      <subfield code="x">tr fr anxa</subfield>
   </datafield>
   <datafield ind1="8" ind2=" " tag="852">
      <subfield code="0">8684816</subfield>
      <subfield code="b">elf1</subfield>
      <subfield code="h">Electronic Resource</subfield>
   </datafield>
   <datafield ind1=" " ind2=" " tag="959">
      <subfield code="a">2000-06-08 00:00:00 -0400</subfield>
   </datafield>
</record>
